<?xml version="1.0" encoding="UTF-8"?><record xmlns="http://www.loc.gov/MARC21/slim" xmlns:cinclude="http://apache.org/cocoon/include/1.0" xmlns:zs="http://www.loc.gov/zing/srw/">
  <leader>00922cz  a2200181n  4500</leader>
  <controlfield tag="001">no2004028242</controlfield>
  <controlfield tag="003">DLC</controlfield>
  <controlfield tag="005">20130322101154.0</controlfield>
  <controlfield tag="008">040324n| acannaabn          |a aaa     c</controlfield>
  <datafield tag="010" ind1=" " ind2=" ">
    <subfield code="a">no2004028242</subfield>
  </datafield>
  <datafield tag="035" ind1=" " ind2=" ">
    <subfield code="a">(OCoLC)oca06305332</subfield>
  </datafield>
  <datafield tag="040" ind1=" " ind2=" ">
    <subfield code="a">InNd</subfield>
    <subfield code="b">eng</subfield>
    <subfield code="c">InNd</subfield>
    <subfield code="d">DLC</subfield>
  </datafield>
  <datafield tag="100" ind1="0" ind2=" ">
    <subfield code="a">Franciscus,</subfield>
    <subfield code="c">de Marchia,</subfield>
    <subfield code="d">active 14th century.</subfield>
    <subfield code="t">Improbatio contra libellum domini Iohannis qui incipit Quia vir reprobus.</subfield>
    <subfield code="l">Italian</subfield>
  </datafield>
  <datafield tag="377" ind1=" " ind2=" ">
    <subfield code="a">ita</subfield>
  </datafield>
  <datafield tag="400" ind1="0" ind2=" ">
    <subfield code="w">nnea</subfield>
    <subfield code="a">Franciscus,</subfield>
    <subfield code="c">de Marchia,</subfield>
    <subfield code="d">14th cent.</subfield>
    <subfield code="t">Improbatio contra libellum domini Iohannis qui incipit Quia vir reprobus.</subfield>
    <subfield code="l">Italian</subfield>
  </datafield>
  <datafield tag="400" ind1="0" ind2=" ">
    <subfield code="a">Franciscus,</subfield>
    <subfield code="c">de Marchia,</subfield>
    <subfield code="d">active 14th century.</subfield>
    <subfield code="t">Contestazione del libello del papa Giovanni XXII che comincia Poiche휍혖 il temerario</subfield>
  </datafield>
  <datafield tag="667" ind1=" " ind2=" ">
    <subfield code="a">THIS 1XX FIELD CANNOT BE USED UNDER RDA UNTIL THIS RECORD HAS BEEN REVIEWED AND/OR UPDATED</subfield>
  </datafield>
  <datafield tag="670" ind1=" " ind2=" ">
    <subfield code="a">Contestazione del libello del papa Giovanni XXII che comincia Poiche휍혖 il temerario, 2000.</subfield>
  </datafield>
</record>